%% This BibTeX bibliography file was created using BibDesk.
%% http://bibdesk.sourceforge.net/


%% Created for Tim Ewart at 2011-08-08 19:27:29 +0200 


%% Saved with string encoding Unicode (UTF-8) 



@book{SQLite,
	Date-Added = {2011-08-08 19:23:34 +0200},
	Date-Modified = {2011-08-08 19:27:29 +0200},
	Publisher = {http://www.sqlite.org/},
	Title = {SQLite},
	Year = {2011}}

@article{Dongarra:1990:SLB:77626.79170,
	Acmid = {79170},
	Address = {New York, NY, USA},
	Author = {Dongarra, J. J. and Du Croz, Jeremy and Hammarling, Sven and Duff, I. S.},
	Doi = {http://doi.acm.org/10.1145/77626.79170},
	Issn = {0098-3500},
	Issue = {1},
	Journal = {ACM Trans. Math. Softw.},
	Month = {March},
	Numpages = {17},
	Pages = {1--17},
	Publisher = {ACM},
	Title = {A set of level 3 basic linear algebra subprograms},
	Url = {http://doi.acm.org/10.1145/77626.79170},
	Volume = {16},
	Year = {1990},
	Bdsk-Url-1 = {http://doi.acm.org/10.1145/77626.79170}}

@article{DENNIS-1974,
	Acmid = {642111},
	Address = {New York, NY, USA},
	Author = {Dennis, Jack B. and Misunas, David P.},
	Doi = {http://doi.acm.org/10.1145/641675.642111},
	Issn = {0163-5964},
	Issue = {4},
	Journal = {SIGARCH Comput. Archit. News},
	Month = {December},
	Numpages = {7},
	Pages = {126--132},
	Publisher = {ACM},
	Title = {A preliminary architecture for a basic data-flow processor},
	Url = {http://doi.acm.org/10.1145/641675.642111},
	Volume = {3},
	Year = {1974},
	Bdsk-Url-1 = {http://doi.acm.org/10.1145/641675.642111}}

@book{MPI-2002,
	Author = {Message Passing Interface Forum},
	Date-Added = {2011-07-15 16:53:47 +0200},
	Date-Modified = {2011-07-15 16:55:36 +0200},
	Publisher = {High Performance Computing Center Stuttgart (HLRS)},
	Title = {MPI: A Message-Passing Interface Standard Version 2.2},
	Year = {September 4, 2009},
	Bdsk-File-1 = {YnBsaXN0MDDUAQIDBAUIJidUJHRvcFgkb2JqZWN0c1gkdmVyc2lvblkkYXJjaGl2ZXLRBgdUcm9vdIABqAkKFRYXGyIjVSRudWxs0wsMDQ4RFFpOUy5vYmplY3RzV05TLmtleXNWJGNsYXNzog8QgASABqISE4ACgAOAB1lhbGlhc0RhdGFccmVsYXRpdmVQYXRo0hgNGRpXTlMuZGF0YU8RAeQAAAAAAeQAAgAADE1hY2ludG9zaCBIRAAAAAAAAAAAAAAAAAAAAMgG0jtIKwAAAGBt0hJNUElSRVBPUlQtMjAwOS5wZGYAAAAAAAAAAAAAAAAAAAAAAAAAAAAAAAAAAAAAAAAAAAAAAAAAAAAAAAAAAAAAYG3nykYg6wAAAAAAAAAAAAEAAwAACSAAAAAAAAAAAAAAAAAAAAAIQ0lUQVRJT04AEAAIAADIBrYbAAAAEQAIAADKRgTLAAAAAQAgAGBt0gBgJrMAYCMOAEwoTgAaTZ0ACEn8AAhJ7wAAkj8AAgBZTWFjaW50b3NoIEhEOlVzZXJzOlRpbTpEb2N1bWVudHM6RE1SRzp0cnVuazpkb2M6cGFwZXJfYW1iaWVudDpDSVRBVElPTjpNUElSRVBPUlQtMjAwOS5wZGYAAA4AJgASAE0AUABJAFIARQBQAE8AUgBUAC0AMgAwADAAOQAuAHAAZABmAA8AGgAMAE0AYQBjAGkAbgB0AG8AcwBoACAASABEABIATFVzZXJzL1RpbS9Eb2N1bWVudHMvRE1SRy90cnVuay9kb2MvcGFwZXJfYW1iaWVudC9DSVRBVElPTi9NUElSRVBPUlQtMjAwOS5wZGYAEwABLwAAFQACAAr//wAAgAXSHB0eH1gkY2xhc3Nlc1okY2xhc3NuYW1lox8gIV1OU011dGFibGVEYXRhVk5TRGF0YVhOU09iamVjdF8QG0NJVEFUSU9OL01QSVJFUE9SVC0yMDA5LnBkZtIcHSQloiUhXE5TRGljdGlvbmFyeRIAAYagXxAPTlNLZXllZEFyY2hpdmVyAAgAEQAWAB8AKAAyADUAOgA8AEUASwBSAF0AZQBsAG8AcQBzAHYAeAB6AHwAhgCTAJgAoAKIAooCjwKYAqMCpwK1ArwCxQLjAugC6wL4Av0AAAAAAAACAQAAAAAAAAAoAAAAAAAAAAAAAAAAAAADDw==}}

@article{DEMMEL-2008,
	Author = {Demmel, James and Grigori, Laura and Hoemmen, Mark and Langou, Julien},
	Journal = {Science},
	Pages = {1--25},
	Title = {Implementing Communication-Optimal Parallel and Sequential QR Factorizations},
	Url = {http://arxiv.org/abs/0809.2407},
	Year = {2008},
	Bdsk-Url-1 = {http://arxiv.org/abs/0809.2407}}

@article{NICKOLLS-2010,
	Address = {Los Alamitos, CA, USA},
	Author = {John Nickolls and William J. Dally},
	Date-Modified = {2011-07-11 11:01:49 +0200},
	Doi = {http://doi.ieeecomputersociety.org/10.1109/MM.2010.41},
	Issn = {0272-1732},
	Journal = {IEEE Micro},
	Pages = {56-69},
	Publisher = {IEEE Computer Society},
	Title = {The GPU Computing Era},
	Volume = {30},
	Year = {2010},
	Bdsk-File-1 = {YnBsaXN0MDDUAQIDBAUIJidUJHRvcFgkb2JqZWN0c1gkdmVyc2lvblkkYXJjaGl2ZXLRBgdUcm9vdIABqAkKFRYXGyIjVSRudWxs0wsMDQ4RFFpOUy5vYmplY3RzV05TLmtleXNWJGNsYXNzog8QgASABqISE4ACgAOAB1lhbGlhc0RhdGFccmVsYXRpdmVQYXRo0hgNGRpXTlMuZGF0YU8RAeAAAAAAAeAAAgAADE1hY2ludG9zaCBIRAAAAAAAAAAAAAAAAAAAAMgG0jtIKwAAAGBt0hFOaWNrb2xscy0yMDEwLnBkZgAAAAAAAAAAAAAAAAAAAAAAAAAAAAAAAAAAAAAAAAAAAAAAAAAAAAAAAAAAAAAAYG3oykI6oQAAAAAAAAAAAAEAAwAACSAAAAAAAAAAAAAAAAAAAAAIQ0lUQVRJT04AEAAIAADIBrYbAAAAEQAIAADKQh6BAAAAAQAgAGBt0gBgJrMAYCMOAEwoTgAaTZ0ACEn8AAhJ7wAAkj8AAgBYTWFjaW50b3NoIEhEOlVzZXJzOlRpbTpEb2N1bWVudHM6RE1SRzp0cnVuazpkb2M6cGFwZXJfYW1iaWVudDpDSVRBVElPTjpOaWNrb2xscy0yMDEwLnBkZgAOACQAEQBOAGkAYwBrAG8AbABsAHMALQAyADAAMQAwAC4AcABkAGYADwAaAAwATQBhAGMAaQBuAHQAbwBzAGgAIABIAEQAEgBLVXNlcnMvVGltL0RvY3VtZW50cy9ETVJHL3RydW5rL2RvYy9wYXBlcl9hbWJpZW50L0NJVEFUSU9OL05pY2tvbGxzLTIwMTAucGRmAAATAAEvAAAVAAIACv//AACABdIcHR4fWCRjbGFzc2VzWiRjbGFzc25hbWWjHyAhXU5TTXV0YWJsZURhdGFWTlNEYXRhWE5TT2JqZWN0XxAaQ0lUQVRJT04vTmlja29sbHMtMjAxMC5wZGbSHB0kJaIlIVxOU0RpY3Rpb25hcnkSAAGGoF8QD05TS2V5ZWRBcmNoaXZlcgAIABEAFgAfACgAMgA1ADoAPABFAEsAUgBdAGUAbABvAHEAcwB2AHgAegB8AIYAkwCYAKAChAKGAosClAKfAqMCsQK4AsEC3gLjAuYC8wL4AAAAAAAAAgEAAAAAAAAAKAAAAAAAAAAAAAAAAAAAAwo=},
	Bdsk-Url-1 = {http://doi.ieeecomputersociety.org/10.1109/MM.2010.41}}

@article{SMITH-2001,
	Acmid = {1239936},
	Address = {Amsterdam, The Netherlands, The Netherlands},
	Author = {Smith Lorna and Bull Mark},
	Date-Modified = {2011-07-11 11:05:00 +0200},
	Issn = {1058-9244},
	Issue = {2,3},
	Journal = {Sci. Program.},
	Month = {August},
	Numpages = {16},
	Pages = {83--98},
	Publisher = {IOS Press},
	Title = {Development of mixed mode MPI / OpenMP applications},
	Url = {http://portal.acm.org/citation.cfm?id=1239928.1239936},
	Volume = {9},
	Year = {2001},
	Bdsk-File-1 = {YnBsaXN0MDDUAQIDBAUIJidUJHRvcFgkb2JqZWN0c1gkdmVyc2lvblkkYXJjaGl2ZXLRBgdUcm9vdIABqAkKFRYXGyIjVSRudWxs0wsMDQ4RFFpOUy5vYmplY3RzV05TLmtleXNWJGNsYXNzog8QgASABqISE4ACgAOAB1lhbGlhc0RhdGFccmVsYXRpdmVQYXRo0hgNGRpXTlMuZGF0YU8RAdQAAAAAAdQAAgAADE1hY2ludG9zaCBIRAAAAAAAAAAAAAAAAAAAAMgG0jtIKwAAAGBt0g5TTUlUSC0yMDAxLnBkZgAAAAAAAAAAAAAAAAAAAAAAAAAAAAAAAAAAAAAAAAAAAAAAAAAAAAAAAAAAAAAAAAAAYG3vykI6ogAAAAAAAAAAAAEAAwAACSAAAAAAAAAAAAAAAAAAAAAIQ0lUQVRJT04AEAAIAADIBrYbAAAAEQAIAADKQh6CAAAAAQAgAGBt0gBgJrMAYCMOAEwoTgAaTZ0ACEn8AAhJ7wAAkj8AAgBVTWFjaW50b3NoIEhEOlVzZXJzOlRpbTpEb2N1bWVudHM6RE1SRzp0cnVuazpkb2M6cGFwZXJfYW1iaWVudDpDSVRBVElPTjpTTUlUSC0yMDAxLnBkZgAADgAeAA4AUwBNAEkAVABIAC0AMgAwADAAMQAuAHAAZABmAA8AGgAMAE0AYQBjAGkAbgB0AG8AcwBoACAASABEABIASFVzZXJzL1RpbS9Eb2N1bWVudHMvRE1SRy90cnVuay9kb2MvcGFwZXJfYW1iaWVudC9DSVRBVElPTi9TTUlUSC0yMDAxLnBkZgATAAEvAAAVAAIACv//AACABdIcHR4fWCRjbGFzc2VzWiRjbGFzc25hbWWjHyAhXU5TTXV0YWJsZURhdGFWTlNEYXRhWE5TT2JqZWN0XxAXQ0lUQVRJT04vU01JVEgtMjAwMS5wZGbSHB0kJaIlIVxOU0RpY3Rpb25hcnkSAAGGoF8QD05TS2V5ZWRBcmNoaXZlcgAIABEAFgAfACgAMgA1ADoAPABFAEsAUgBdAGUAbABvAHEAcwB2AHgAegB8AIYAkwCYAKACeAJ6An8CiAKTApcCpQKsArUCzwLUAtcC5ALpAAAAAAAAAgEAAAAAAAAAKAAAAAAAAAAAAAAAAAAAAvs=}}

@inproceedings{SMILE-2005,
	Author = {M.S. Ivanov and A.V. Kashkovsky and S.F. Gimelshein and G.N. Markelov and A.A. Alexeenko and Ye. A Bondar and G.A. Zhukova and P.V. Vaschenkov},
	Booktitle = {25th International Symposium on Rarefied Gas Dynamics},
	Date-Added = {2011-07-04 14:26:36 +0200},
	Date-Modified = {2011-07-04 14:31:34 +0200},
	Title = {SMILE System for 2D/3D DSMC Computations},
	Year = {2005},
	Bdsk-File-1 = {YnBsaXN0MDDUAQIDBAUIJidUJHRvcFgkb2JqZWN0c1gkdmVyc2lvblkkYXJjaGl2ZXLRBgdUcm9vdIABqAkKFRYXGyIjVSRudWxs0wsMDQ4RFFpOUy5vYmplY3RzV05TLmtleXNWJGNsYXNzog8QgASABqISE4ACgAOAB1lhbGlhc0RhdGFccmVsYXRpdmVQYXRo0hgNGRpXTlMuZGF0YU8RAdQAAAAAAdQAAgAADE1hY2ludG9zaCBIRAAAAAAAAAAAAAAAAAAAAMgG0jtIKwAAAGBt0g5TTUlMRS0yMDA1LnBkZgAAAAAAAAAAAAAAAAAAAAAAAAAAAAAAAAAAAAAAAAAAAAAAAAAAAAAAAAAAAAAAAAAAYG3uykI6ogAAAAAAAAAAAAEAAwAACSAAAAAAAAAAAAAAAAAAAAAIQ0lUQVRJT04AEAAIAADIBrYbAAAAEQAIAADKQh6CAAAAAQAgAGBt0gBgJrMAYCMOAEwoTgAaTZ0ACEn8AAhJ7wAAkj8AAgBVTWFjaW50b3NoIEhEOlVzZXJzOlRpbTpEb2N1bWVudHM6RE1SRzp0cnVuazpkb2M6cGFwZXJfYW1iaWVudDpDSVRBVElPTjpTTUlMRS0yMDA1LnBkZgAADgAeAA4AUwBNAEkATABFAC0AMgAwADAANQAuAHAAZABmAA8AGgAMAE0AYQBjAGkAbgB0AG8AcwBoACAASABEABIASFVzZXJzL1RpbS9Eb2N1bWVudHMvRE1SRy90cnVuay9kb2MvcGFwZXJfYW1iaWVudC9DSVRBVElPTi9TTUlMRS0yMDA1LnBkZgATAAEvAAAVAAIACv//AACABdIcHR4fWCRjbGFzc2VzWiRjbGFzc25hbWWjHyAhXU5TTXV0YWJsZURhdGFWTlNEYXRhWE5TT2JqZWN0XxAXQ0lUQVRJT04vU01JTEUtMjAwNS5wZGbSHB0kJaIlIVxOU0RpY3Rpb25hcnkSAAGGoF8QD05TS2V5ZWRBcmNoaXZlcgAIABEAFgAfACgAMgA1ADoAPABFAEsAUgBdAGUAbABvAHEAcwB2AHgAegB8AIYAkwCYAKACeAJ6An8CiAKTApcCpQKsArUCzwLUAtcC5ALpAAAAAAAAAgEAAAAAAAAAKAAAAAAAAAAAAAAAAAAAAvs=}}

@techreport{EXASCALE-2010,
	Author = {J. Dongarra and P. Beckman and \textit{et al.}},
	Date-Added = {2011-06-29 15:00:07 +0200},
	Date-Modified = {2011-06-29 15:11:04 +0200},
	Institution = {University of Tennesse},
	Number = {UT-CS-10-652},
	Title = {International Exascale Software Project Roadmap},
	Year = {2010},
	Bdsk-File-1 = {YnBsaXN0MDDUAQIDBAUIJidUJHRvcFgkb2JqZWN0c1gkdmVyc2lvblkkYXJjaGl2ZXLRBgdUcm9vdIABqAkKFRYXGyIjVSRudWxs0wsMDQ4RFFpOUy5vYmplY3RzV05TLmtleXNWJGNsYXNzog8QgASABqISE4ACgAOAB1lhbGlhc0RhdGFccmVsYXRpdmVQYXRo0hgNGRpXTlMuZGF0YU8RAeAAAAAAAeAAAgAADE1hY2ludG9zaCBIRAAAAAAAAAAAAAAAAAAAAMgG0jtIKwAAAGBt0hFFWEFTQ0FMRS0yMDEwLnBkZgAAAAAAAAAAAAAAAAAAAAAAAAAAAAAAAAAAAAAAAAAAAAAAAAAAAAAAAAAAAAAAYG3lykI6oQAAAAAAAAAAAAEAAwAACSAAAAAAAAAAAAAAAAAAAAAIQ0lUQVRJT04AEAAIAADIBrYbAAAAEQAIAADKQh6BAAAAAQAgAGBt0gBgJrMAYCMOAEwoTgAaTZ0ACEn8AAhJ7wAAkj8AAgBYTWFjaW50b3NoIEhEOlVzZXJzOlRpbTpEb2N1bWVudHM6RE1SRzp0cnVuazpkb2M6cGFwZXJfYW1iaWVudDpDSVRBVElPTjpFWEFTQ0FMRS0yMDEwLnBkZgAOACQAEQBFAFgAQQBTAEMAQQBMAEUALQAyADAAMQAwAC4AcABkAGYADwAaAAwATQBhAGMAaQBuAHQAbwBzAGgAIABIAEQAEgBLVXNlcnMvVGltL0RvY3VtZW50cy9ETVJHL3RydW5rL2RvYy9wYXBlcl9hbWJpZW50L0NJVEFUSU9OL0VYQVNDQUxFLTIwMTAucGRmAAATAAEvAAAVAAIACv//AACABdIcHR4fWCRjbGFzc2VzWiRjbGFzc25hbWWjHyAhXU5TTXV0YWJsZURhdGFWTlNEYXRhWE5TT2JqZWN0XxAaQ0lUQVRJT04vRVhBU0NBTEUtMjAxMC5wZGbSHB0kJaIlIVxOU0RpY3Rpb25hcnkSAAGGoF8QD05TS2V5ZWRBcmNoaXZlcgAIABEAFgAfACgAMgA1ADoAPABFAEsAUgBdAGUAbABvAHEAcwB2AHgAegB8AIYAkwCYAKAChAKGAosClAKfAqMCsQK4AsEC3gLjAuYC8wL4AAAAAAAAAgEAAAAAAAAAKAAAAAAAAAAAAAAAAAAAAwo=}}

@techreport{SCALAPACK-1992,
	Author = {Jaeyoung Choi and Jack J. Dongarra and Roldan Pozo and David W. Walker},
	Date-Modified = {2011-07-11 11:05:29 +0200},
	Institution = {University of Tennessee},
	Title = {A Scalable Linear Algebra Library for Distributed Memory Concurrent Computers},
	Year = {1992},
	Bdsk-File-1 = {YnBsaXN0MDDUAQIDBAUIJidUJHRvcFgkb2JqZWN0c1gkdmVyc2lvblkkYXJjaGl2ZXLRBgdUcm9vdIABqAkKFRYXGyIjVSRudWxs0wsMDQ4RFFpOUy5vYmplY3RzV05TLmtleXNWJGNsYXNzog8QgASABqISE4ACgAOAB1lhbGlhc0RhdGFccmVsYXRpdmVQYXRo0hgNGRpXTlMuZGF0YU8RAeQAAAAAAeQAAgAADE1hY2ludG9zaCBIRAAAAAAAAAAAAAAAAAAAAMgG0jtIKwAAAGBt0hJTY2FsYXBhY2stMTk5Mi5wZGYAAAAAAAAAAAAAAAAAAAAAAAAAAAAAAAAAAAAAAAAAAAAAAAAAAAAAAAAAAAAAYG3pykI6oQAAAAAAAAAAAAEAAwAACSAAAAAAAAAAAAAAAAAAAAAIQ0lUQVRJT04AEAAIAADIBrYbAAAAEQAIAADKQh6BAAAAAQAgAGBt0gBgJrMAYCMOAEwoTgAaTZ0ACEn8AAhJ7wAAkj8AAgBZTWFjaW50b3NoIEhEOlVzZXJzOlRpbTpEb2N1bWVudHM6RE1SRzp0cnVuazpkb2M6cGFwZXJfYW1iaWVudDpDSVRBVElPTjpTY2FsYXBhY2stMTk5Mi5wZGYAAA4AJgASAFMAYwBhAGwAYQBwAGEAYwBrAC0AMQA5ADkAMgAuAHAAZABmAA8AGgAMAE0AYQBjAGkAbgB0AG8AcwBoACAASABEABIATFVzZXJzL1RpbS9Eb2N1bWVudHMvRE1SRy90cnVuay9kb2MvcGFwZXJfYW1iaWVudC9DSVRBVElPTi9TY2FsYXBhY2stMTk5Mi5wZGYAEwABLwAAFQACAAr//wAAgAXSHB0eH1gkY2xhc3Nlc1okY2xhc3NuYW1lox8gIV1OU011dGFibGVEYXRhVk5TRGF0YVhOU09iamVjdF8QG0NJVEFUSU9OL1NjYWxhcGFjay0xOTkyLnBkZtIcHSQloiUhXE5TRGljdGlvbmFyeRIAAYagXxAPTlNLZXllZEFyY2hpdmVyAAgAEQAWAB8AKAAyADUAOgA8AEUASwBSAF0AZQBsAG8AcQBzAHYAeAB6AHwAhgCTAJgAoAKIAooCjwKYAqMCpwK1ArwCxQLjAugC6wL4Av0AAAAAAAACAQAAAAAAAAAoAAAAAAAAAAAAAAAAAAADDw==}}

@article{ABINIT-2005,
	Author = {X. Gonze and G.-M. Rignanese and M. Verstraete and J.-M. Beuken and Y. Pouillon and R. Caracas and F. Jollet and M. Torrent and G. Zerah and M. Mikami and Ph. Ghosez and M. Veithen and J.-Y. Raty and V. Olevano and F. Bruneval and L. Reining and R. Godby and G. Onida and D.R. Hamann and D.C. Allan},
	Date-Added = {2011-06-29 14:06:37 +0200},
	Date-Modified = {2011-06-29 14:07:23 +0200},
	Journal = {Allan. Zeit. Kristallogr.},
	Number = {558},
	Pages = {562},
	Title = {A brief introduction to the ABINIT software package.},
	Volume = {220},
	Year = {2005},
	Bdsk-File-1 = {YnBsaXN0MDDUAQIDBAUIJidUJHRvcFgkb2JqZWN0c1gkdmVyc2lvblkkYXJjaGl2ZXLRBgdUcm9vdIABqAkKFRYXGyIjVSRudWxs0wsMDQ4RFFpOUy5vYmplY3RzV05TLmtleXNWJGNsYXNzog8QgASABqISE4ACgAOAB1lhbGlhc0RhdGFccmVsYXRpdmVQYXRo0hgNGRpXTlMuZGF0YU8RAdgAAAAAAdgAAgAADE1hY2ludG9zaCBIRAAAAAAAAAAAAAAAAAAAAMgG0jtIKwAAAGBt0g9BQklOSVQtMjAwNS5wZGYAAAAAAAAAAAAAAAAAAAAAAAAAAAAAAAAAAAAAAAAAAAAAAAAAAAAAAAAAAAAAAAAAYG3eykI6oQAAAAAAAAAAAAEAAwAACSAAAAAAAAAAAAAAAAAAAAAIQ0lUQVRJT04AEAAIAADIBrYbAAAAEQAIAADKQh6BAAAAAQAgAGBt0gBgJrMAYCMOAEwoTgAaTZ0ACEn8AAhJ7wAAkj8AAgBWTWFjaW50b3NoIEhEOlVzZXJzOlRpbTpEb2N1bWVudHM6RE1SRzp0cnVuazpkb2M6cGFwZXJfYW1iaWVudDpDSVRBVElPTjpBQklOSVQtMjAwNS5wZGYADgAgAA8AQQBCAEkATgBJAFQALQAyADAAMAA1AC4AcABkAGYADwAaAAwATQBhAGMAaQBuAHQAbwBzAGgAIABIAEQAEgBJVXNlcnMvVGltL0RvY3VtZW50cy9ETVJHL3RydW5rL2RvYy9wYXBlcl9hbWJpZW50L0NJVEFUSU9OL0FCSU5JVC0yMDA1LnBkZgAAEwABLwAAFQACAAr//wAAgAXSHB0eH1gkY2xhc3Nlc1okY2xhc3NuYW1lox8gIV1OU011dGFibGVEYXRhVk5TRGF0YVhOU09iamVjdF8QGENJVEFUSU9OL0FCSU5JVC0yMDA1LnBkZtIcHSQloiUhXE5TRGljdGlvbmFyeRIAAYagXxAPTlNLZXllZEFyY2hpdmVyAAgAEQAWAB8AKAAyADUAOgA8AEUASwBSAF0AZQBsAG8AcQBzAHYAeAB6AHwAhgCTAJgAoAJ8An4CgwKMApcCmwKpArACuQLUAtkC3ALpAu4AAAAAAAACAQAAAAAAAAAoAAAAAAAAAAAAAAAAAAADAA==}}

@article{ABINIT-2009,
	Author = {X. Gonze and B. Amadon and P.-M. Anglade and J.-M. Beuken and F. Bottin and P. Boulanger and F. Bruneval and D. Caliste and R. Caracas and M. Cote and T. Deutsch and L. Genovese and Ph. Ghosez and M. Giantomassi and S. Goedecker and D.R. Hamann and P. Hermet and F. Jollet and G. Jomard and S. Leroux and M. Mancini and S. Mazevet and M.J.T. Oliveira and G. Onida and Y. Pouillon and T. Rangel and G.-M. Rignanese and D. Sangalliand R. Shaltaf and M. Torrent and M.J. Verstraete and G. Zerah and J.W. Zwanziger},
	Date-Added = {2011-06-29 14:04:05 +0200},
	Date-Modified = {2011-06-29 14:05:25 +0200},
	Journal = {Computer Phys. Commun.},
	Month = {2615},
	Pages = {2582},
	Title = {ABINIT : First-principles approach of materials and nanosystem properties},
	Volume = {180},
	Year = {2009},
	Bdsk-File-1 = {YnBsaXN0MDDUAQIDBAUIJidUJHRvcFgkb2JqZWN0c1gkdmVyc2lvblkkYXJjaGl2ZXLRBgdUcm9vdIABqAkKFRYXGyIjVSRudWxs0wsMDQ4RFFpOUy5vYmplY3RzV05TLmtleXNWJGNsYXNzog8QgASABqISE4ACgAOAB1lhbGlhc0RhdGFccmVsYXRpdmVQYXRo0hgNGRpXTlMuZGF0YU8RAdgAAAAAAdgAAgAADE1hY2ludG9zaCBIRAAAAAAAAAAAAAAAAAAAAMgG0jtIKwAAAGBt0g9BQklOSVQtMjAwOS5wZGYAAAAAAAAAAAAAAAAAAAAAAAAAAAAAAAAAAAAAAAAAAAAAAAAAAAAAAAAAAAAAAAAAYG3fykI6oQAAAAAAAAAAAAEAAwAACSAAAAAAAAAAAAAAAAAAAAAIQ0lUQVRJT04AEAAIAADIBrYbAAAAEQAIAADKQh6BAAAAAQAgAGBt0gBgJrMAYCMOAEwoTgAaTZ0ACEn8AAhJ7wAAkj8AAgBWTWFjaW50b3NoIEhEOlVzZXJzOlRpbTpEb2N1bWVudHM6RE1SRzp0cnVuazpkb2M6cGFwZXJfYW1iaWVudDpDSVRBVElPTjpBQklOSVQtMjAwOS5wZGYADgAgAA8AQQBCAEkATgBJAFQALQAyADAAMAA5AC4AcABkAGYADwAaAAwATQBhAGMAaQBuAHQAbwBzAGgAIABIAEQAEgBJVXNlcnMvVGltL0RvY3VtZW50cy9ETVJHL3RydW5rL2RvYy9wYXBlcl9hbWJpZW50L0NJVEFUSU9OL0FCSU5JVC0yMDA5LnBkZgAAEwABLwAAFQACAAr//wAAgAXSHB0eH1gkY2xhc3Nlc1okY2xhc3NuYW1lox8gIV1OU011dGFibGVEYXRhVk5TRGF0YVhOU09iamVjdF8QGENJVEFUSU9OL0FCSU5JVC0yMDA5LnBkZtIcHSQloiUhXE5TRGljdGlvbmFyeRIAAYagXxAPTlNLZXllZEFyY2hpdmVyAAgAEQAWAB8AKAAyADUAOgA8AEUASwBSAF0AZQBsAG8AcQBzAHYAeAB6AHwAhgCTAJgAoAJ8An4CgwKMApcCmwKpArACuQLUAtkC3ALpAu4AAAAAAAACAQAAAAAAAAAoAAAAAAAAAAAAAAAAAAADAA==}}

@article{QE-2009,
	Author = {Paolo Giannozzi and Stefano Baroni and Nicola Bonini and Matteo Calandra and Roberto Car and Carlo Cavazzoni and Davide Ceresoli and Guido L Chiarotti and Matteo Cococcioni and Ismaila Dabo and Andrea Dal Corso and Stefano de Gironcoli and Stefano Fabris and Guido Fratesi and Ralph Gebauer and Uwe Gerstmann and Christos Gougoussis and Anton Kokalj and Michele Lazzeri and Layla Martin-Samos and Nicola Marzari and Francesco Mauri and Riccardo Mazzarello and Stefano Paolini and Alfredo Pasquarello and Lorenzo Paulatto and Carlo Sbraccia and Sandro Scandolo and Gabriele Sclauzero and Ari P Seitsonen and Alexander Smogunov and Paolo Umari and Renata M Wentzcovitch},
	Date-Modified = {2011-07-11 11:04:05 +0200},
	Journal = {Journal of Physics: Condensed Matter},
	Number = {39},
	Pages = {395502 (19pp)},
	Title = {QUANTUM ESPRESSO: a modular and open-source software project for quantum simulations of materials},
	Url = {http://www.quantum-espresso.org},
	Volume = {21},
	Year = {2009},
	Bdsk-Url-1 = {http://www.quantum-espresso.org}}

@book{SCALAPACK-1997,
	Address = {Philadelphia, PA},
	Author = {L. S. Blackford and J. Choi and A. Cleary and E. D'Azevedo and J. Demmel and I. Dhillon and J. Dongarra and S. Hammarling and G. Henry and A. Petitet and K. Stanley and D. Walker and R.C. Whaley},
	Date-Modified = {2011-07-11 11:09:00 +0200},
	Isbn = {0-89871-397-8 (paperback)},
	Publisher = {Society for Industrial and Applied Mathematics},
	Title = {{ScaLAPACK} Users' Guide},
	Year = {1997}}

@article{LAWSON-1979,
	Acmid = {355847},
	Address = {New York, NY, USA},
	Author = {C. L. Lawson and R. J. Hanson and D. R. Kincaid and F. T. Krogh},
	Date-Modified = {2011-07-11 11:09:53 +0200},
	Doi = {http://doi.acm.org/10.1145/355841.355847},
	Issn = {0098-3500},
	Issue = {3},
	Issue_Date = {Sept. 1979},
	Journal = {ACM Trans. Math. Softw.},
	Month = {September},
	Numpages = {16},
	Pages = {308--323},
	Publisher = {ACM},
	Title = {Basic Linear Algebra Subprograms for Fortran Usage},
	Url = {http://doi.acm.org/10.1145/355841.355847},
	Volume = {5},
	Year = {1979},
	Bdsk-File-1 = {YnBsaXN0MDDUAQIDBAUIJidUJHRvcFgkb2JqZWN0c1gkdmVyc2lvblkkYXJjaGl2ZXLRBgdUcm9vdIABqAkKFRYXGyIjVSRudWxs0wsMDQ4RFFpOUy5vYmplY3RzV05TLmtleXNWJGNsYXNzog8QgASABqISE4ACgAOAB1lhbGlhc0RhdGFccmVsYXRpdmVQYXRo0hgNGRpXTlMuZGF0YU8RAegAAAAAAegAAgAADE1hY2ludG9zaCBIRAAAAAAAAAAAAAAAAAAAAMgG0jtIKwAAAGBt0hNCTEFTTEFXU09OLTE5NzkucGRmAAAAAAAAAAAAAAAAAAAAAAAAAAAAAAAAAAAAAAAAAAAAAAAAAAAAAAAAAAAAYG3iykI6oQAAAAAAAAAAAAEAAwAACSAAAAAAAAAAAAAAAAAAAAAIQ0lUQVRJT04AEAAIAADIBrYbAAAAEQAIAADKQh6BAAAAAQAgAGBt0gBgJrMAYCMOAEwoTgAaTZ0ACEn8AAhJ7wAAkj8AAgBaTWFjaW50b3NoIEhEOlVzZXJzOlRpbTpEb2N1bWVudHM6RE1SRzp0cnVuazpkb2M6cGFwZXJfYW1iaWVudDpDSVRBVElPTjpCTEFTTEFXU09OLTE5NzkucGRmAA4AKAATAEIATABBAFMATABBAFcAUwBPAE4ALQAxADkANwA5AC4AcABkAGYADwAaAAwATQBhAGMAaQBuAHQAbwBzAGgAIABIAEQAEgBNVXNlcnMvVGltL0RvY3VtZW50cy9ETVJHL3RydW5rL2RvYy9wYXBlcl9hbWJpZW50L0NJVEFUSU9OL0JMQVNMQVdTT04tMTk3OS5wZGYAABMAAS8AABUAAgAK//8AAIAF0hwdHh9YJGNsYXNzZXNaJGNsYXNzbmFtZaMfICFdTlNNdXRhYmxlRGF0YVZOU0RhdGFYTlNPYmplY3RfEBxDSVRBVElPTi9CTEFTTEFXU09OLTE5NzkucGRm0hwdJCWiJSFcTlNEaWN0aW9uYXJ5EgABhqBfEA9OU0tleWVkQXJjaGl2ZXIACAARABYAHwAoADIANQA6ADwARQBLAFIAXQBlAGwAbwBxAHMAdgB4AHoAfACGAJMAmACgAowCjgKTApwCpwKrArkCwALJAugC7QLwAv0DAgAAAAAAAAIBAAAAAAAAACgAAAAAAAAAAAAAAAAAAAMU},
	Bdsk-Url-1 = {http://doi.acm.org/10.1145/355841.355847}}

@inproceedings{LTAIEF-2011,
	Author = {Ltaief, H. and Luszczek P. and Dongarra J.},
	Booktitle = {International Conference on Energy-Aware High Performance Computing (EnA-HPC 2011)},
	Date-Modified = {2011-07-11 11:03:34 +0200},
	Institution = {Innovative Computing Laboratory, University of Tennessee},
	Title = {Profiling High Performance Dense Linear Algebra Algorithms on Multicore Architectures for Power and Energ Efficiency},
	Year = {2011},
	Bdsk-File-1 = {YnBsaXN0MDDUAQIDBAUIJidUJHRvcFgkb2JqZWN0c1gkdmVyc2lvblkkYXJjaGl2ZXLRBgdUcm9vdIABqAkKFRYXGyIjVSRudWxs0wsMDQ4RFFpOUy5vYmplY3RzV05TLmtleXNWJGNsYXNzog8QgASABqISE4ACgAOAB1lhbGlhc0RhdGFccmVsYXRpdmVQYXRo0hgNGRpXTlMuZGF0YU8RAdgAAAAAAdgAAgAADE1hY2ludG9zaCBIRAAAAAAAAAAAAAAAAAAAAMgG0jtIKwAAAGBt0g9MVEFJRUYtMjAxMS5wZGYAAAAAAAAAAAAAAAAAAAAAAAAAAAAAAAAAAAAAAAAAAAAAAAAAAAAAAAAAAAAAAAAAYG3mykI6oQAAAAAAAAAAAAEAAwAACSAAAAAAAAAAAAAAAAAAAAAIQ0lUQVRJT04AEAAIAADIBrYbAAAAEQAIAADKQh6BAAAAAQAgAGBt0gBgJrMAYCMOAEwoTgAaTZ0ACEn8AAhJ7wAAkj8AAgBWTWFjaW50b3NoIEhEOlVzZXJzOlRpbTpEb2N1bWVudHM6RE1SRzp0cnVuazpkb2M6cGFwZXJfYW1iaWVudDpDSVRBVElPTjpMVEFJRUYtMjAxMS5wZGYADgAgAA8ATABUAEEASQBFAEYALQAyADAAMQAxAC4AcABkAGYADwAaAAwATQBhAGMAaQBuAHQAbwBzAGgAIABIAEQAEgBJVXNlcnMvVGltL0RvY3VtZW50cy9ETVJHL3RydW5rL2RvYy9wYXBlcl9hbWJpZW50L0NJVEFUSU9OL0xUQUlFRi0yMDExLnBkZgAAEwABLwAAFQACAAr//wAAgAXSHB0eH1gkY2xhc3Nlc1okY2xhc3NuYW1lox8gIV1OU011dGFibGVEYXRhVk5TRGF0YVhOU09iamVjdF8QGENJVEFUSU9OL0xUQUlFRi0yMDExLnBkZtIcHSQloiUhXE5TRGljdGlvbmFyeRIAAYagXxAPTlNLZXllZEFyY2hpdmVyAAgAEQAWAB8AKAAyADUAOgA8AEUASwBSAF0AZQBsAG8AcQBzAHYAeAB6AHwAhgCTAJgAoAJ8An4CgwKMApcCmwKpArACuQLUAtkC3ALpAu4AAAAAAAACAQAAAAAAAAAoAAAAAAAAAAAAAAAAAAADAA==}}
