@book{Hyde:2003:AAL:861534,
 author = {Hyde, Randall},
 title = {The Art of Assembly Language},
 year = {2003},
 isbn = {1886411972},
 publisher = {No Starch Press},
 address = {San Francisco, CA, USA},
}